<?xml version="1.0" encoding="UTF-8"?><collection xmlns="http://www.loc.gov/MARC21/slim"><record><leader>00386nam--2200121-i-4500</leader><controlfield tag="001">000026257</controlfield><controlfield tag="002">20161230</controlfield><controlfield tag="005">20161230201036</controlfield><controlfield tag="008">060222s1000------------r-----000-0-eng-d</controlfield><datafield ind1=" " ind2=" " tag="080"><subfield code="a">539(083.96)</subfield></datafield><datafield ind1=" " ind2=" " tag="245"><subfield code="a">Instructuni pentru verificarea de stat a masurilor si aparatelor de masurat si pt.autorizari metrologice. editie oficiala</subfield></datafield><datafield ind1=" " ind2=" " tag="260"><subfield code="a">Bucuresti, Ed.Tehnica, 1971, 38p</subfield></datafield><datafield ind1=" " ind2=" " tag="852"><subfield code="a">34456</subfield></datafield></record></collection>